<record><leader>00000cas a2200000 a 4500</leader><controlfield tag="001">9880308</controlfield><controlfield tag="008">830906d18141967nyuwr ne      0    0eng c</controlfield><datafield ind1=" " ind2=" " tag="010"><subfield code="a">sn 83031465 </subfield></datafield><datafield ind1=" " ind2=" " tag="040"><subfield code="a">NPU</subfield><subfield code="b">eng</subfield><subfield code="c">NPU</subfield><subfield code="d">NPX</subfield><subfield code="d">DLC</subfield><subfield code="d">NPX</subfield><subfield code="d">NYS</subfield><subfield code="d">DLC</subfield><subfield code="d">OCL</subfield><subfield code="d">NYG</subfield><subfield code="d">NYS</subfield><subfield code="d">CNK</subfield><subfield code="d">NYS</subfield><subfield code="d">OCL</subfield><subfield code="d">NYS</subfield><subfield code="d">KRTAS</subfield><subfield code="d">OCLCQ</subfield><subfield code="d">OCLCF</subfield><subfield code="d">OCLCO</subfield></datafield><datafield ind1=" " ind2=" " tag="012"><subfield code="b">3</subfield></datafield><datafield ind1=" " ind2=" " tag="019"><subfield code="a">18819849</subfield></datafield><datafield ind1="1" ind2=" " tag="029"><subfield code="a">AU@</subfield><subfield code="b">000020127568</subfield></datafield><datafield ind1=" " ind2=" " tag="042"><subfield code="a">pcc</subfield></datafield><datafield ind1=" " ind2=" " tag="043"><subfield code="a">n-us-ny</subfield></datafield><datafield ind1="0" ind2="0" tag="050"><subfield code="a">Newspaper 8829-X</subfield></datafield><datafield ind1="0" ind2=" " tag="130"><subfield code="a">Owego gazette (Owego, N.Y. : 1814)</subfield></datafield><datafield ind1="1" ind2="4" tag="245"><subfield code="a">The Owego gazette.</subfield></datafield><datafield ind1="1" ind2="3" tag="246"><subfield code="a">Owego gazette, and Tioga advertiser</subfield></datafield><datafield ind1="1" ind2="3" tag="246"><subfield code="a">Owego and Tioga County gazette</subfield></datafield><datafield ind1=" " ind2=" " tag="260"><subfield code="a">Owego Village, Broome Co., N.Y. :</subfield><subfield code="b">Stephen B. Leonard</subfield></datafield><datafield ind1=" " ind2=" " tag="300"><subfield code="a">v. :</subfield><subfield code="b">ill. ;</subfield><subfield code="c">50-71 cm.</subfield></datafield><datafield ind1=" " ind2=" " tag="310"><subfield code="a">Weekly</subfield></datafield><datafield ind1="1" ind2=" " tag="362"><subfield code="a">Began in June 1814?</subfield></datafield><datafield ind1="0" ind2=" " tag="362"><subfield code="a">-v. 168, no. 11 (Aug. 23, 1967).</subfield></datafield><datafield ind1=" " ind2=" " tag="500"><subfield code="a">Broome County, including Owego, formed from Tioga County in 1806; Owego annexed back to Tioga County in 1822.</subfield></datafield><datafield ind1=" " ind2=" " tag="500"><subfield code="a">Published as: Owego gazette, and Tioga advertiser, &lt;July-Oct. 1822&gt;; Owego and Tioga County gazette, Feb.-Nov. 1, 1839.</subfield></datafield><datafield ind1=" " ind2=" " tag="500"><subfield code="a">Publishers: Stephen B. Leonard, &lt;1814-1820&gt;; Leonard &amp; Shurtleff, &lt;1827&gt;; J.B. Shurtleff, &lt;1836-1837&gt;; Edward P. Marble, &lt;1839&gt;; Hiram A. Beebe, &lt;1844&gt;; Edward P. Marble, &lt;1845&gt;; Thomas Pearsall, &lt;1846-1853&gt;; Hiram A. Beebe, &lt;1853&gt;; LeRoy Kingman, &lt;1884&gt;; Gazette Co., &lt;1909&gt;; LeRoy Kingman, &lt;1944&gt;; Tioga Pub. Co., &lt;1957&gt;.</subfield></datafield><datafield ind1=" " ind2=" " tag="580"><subfield code="a">Merged with Candor courier to form Tioga County courier-gazette.</subfield></datafield><datafield ind1=" " ind2=" " tag="588"><subfield code="a">Description based on: Vol. 1, no. 27 (Dec. 14, 1814).</subfield></datafield><datafield ind1=" " ind2="0" tag="651"><subfield code="a">Owego (N.Y.)</subfield><subfield code="v">Newspapers.</subfield></datafield><datafield ind1=" " ind2="0" tag="651"><subfield code="a">Broome County (N.Y.)</subfield><subfield code="v">Newspapers.</subfield></datafield><datafield ind1=" " ind2="0" tag="651"><subfield code="a">Tioga County (N.Y.)</subfield><subfield code="v">Newspapers.</subfield></datafield><datafield ind1=" " ind2="7" tag="655"><subfield code="a">Newspapers.</subfield><subfield code="2">fast</subfield><subfield code="0">(OCoLC)fst01423814</subfield></datafield><datafield ind1=" " ind2="7" tag="651"><subfield code="a">New York (State)</subfield><subfield code="z">Broome County.</subfield><subfield code="2">fast</subfield><subfield code="0">(OCoLC)fst01233031</subfield></datafield><datafield ind1=" " ind2="7" tag="651"><subfield code="a">New York (State)</subfield><subfield code="z">Owego.</subfield><subfield code="2">fast</subfield><subfield code="0">(OCoLC)fst01213044</subfield></datafield><datafield ind1=" " ind2="7" tag="651"><subfield code="a">New York (State)</subfield><subfield code="z">Tioga County.</subfield><subfield code="2">fast</subfield><subfield code="0">(OCoLC)fst01213031</subfield></datafield><datafield ind1=" " ind2=" " tag="752"><subfield code="a">United States</subfield><subfield code="b">New York</subfield><subfield code="c">Broome</subfield><subfield code="d">Owego.</subfield></datafield><datafield ind1=" " ind2=" " tag="752"><subfield code="a">United States</subfield><subfield code="b">New York</subfield><subfield code="c">Tioga</subfield><subfield code="d">Owego.</subfield></datafield><datafield ind1="0" ind2=" " tag="775"><subfield code="t">Owego daily gazette</subfield><subfield code="w">(DLC)sn 86081872</subfield><subfield code="w">(OCoLC)14409838</subfield></datafield><datafield ind1="0" ind2="0" tag="780"><subfield code="t">American farmer, and Owego advertiser</subfield><subfield code="w">(DLC)sn 90066109</subfield><subfield code="w">(OCoLC)21997263</subfield></datafield><datafield ind1="1" ind2="7" tag="785"><subfield code="t">Candor courier</subfield><subfield code="w">(DLC)sn 84035854</subfield><subfield code="w">(OCoLC)11424338</subfield></datafield><datafield ind1="1" ind2="7" tag="785"><subfield code="t">Tioga County courier-gazette</subfield><subfield code="w">(DLC)sn 89071289</subfield><subfield code="w">(OCoLC)19903094</subfield></datafield><datafield ind1=" " ind2=" " tag="938"><subfield code="a">Kirtas Technologies, Inc.</subfield><subfield code="b">KRTS</subfield><subfield code="n">737417</subfield></datafield></record>